	@inproceedings{
usenix:zephyr-asdl,
	author = {Wang, Daniel C. and Appel, Andrew W. and Korn, Jeff L. and Serra, Christopher S.},
	title = {The Zephyr Abstract Syntax Description Language},
	booktitle = {Proceedings of the Conference on Domain-Specific Languages on Conference on Domain-Specific Languages (DSL), 1997},
	publisher = {USENIX Association},
	address = {Berkeley, CA, USA},
	year = {1997}, month = oct,
	location = {Santa Barbara, California},
	url = {https://www.usenix.org/legacy/publications/library/proceedings/dsl97/wang.html},
	} 

